@ARTICLE{5374408,

  author={Wang, Hongzhi and Oliensis, John},

  journal={IEEE Transactions on Pattern Analysis and Machine Intelligence}, 

  title={Rigid Shape Matching by Segmentation Averaging}, 

  year={2010},

  volume={32},

  number={4},

  pages={619-635},

  doi={10.1109/TPAMI.2009.199}}


@INPROCEEDINGS{6738756,

  author={Zhang, Tao and Lv, Jingqin and Yang, Jie},

  booktitle={2013 IEEE International Conference on Image Processing}, 

  title={Road sign detection based on visual saliency and shape analysis}, 

  year={2013},

  volume={},

  number={},

  pages={3667-3670},

  doi={10.1109/ICIP.2013.6738756}}

@ARTICLE{4220659,

  author={Maldonado-Bascon, Saturnino and Lafuente-Arroyo, Sergio and Gil-Jimenez, Pedro and Gomez-Moreno, Hilario and Lopez-Ferreras, Francisco},

  journal={IEEE Transactions on Intelligent Transportation Systems}, 

  title={Road-Sign Detection and Recognition Based on Support Vector Machines}, 

  year={2007},

  volume={8},

  number={2},

  pages={264-278},

  doi={10.1109/TITS.2007.895311}}



  @ARTICLE{1217601,

  author={Loy, G. and Zelinsky, A.},

  journal={IEEE Transactions on Pattern Analysis and Machine Intelligence}, 

  title={Fast radial symmetry for detecting points of interest}, 

  year={2003},

  volume={25},

  number={8},

  pages={959-973},

  doi={10.1109/TPAMI.2003.1217601}}

@ARTICLE{232073,

  author={Huttenlocher, D.P. and Klanderman, G.A. and Rucklidge, W.J.},

  journal={IEEE Transactions on Pattern Analysis and Machine Intelligence}, 

  title={Comparing images using the Hausdorff distance}, 

  year={1993},

  volume={15},

  number={9},

  pages={850-863},

  doi={10.1109/34.232073}}

@ARTICLE{8721631,

  author={Jordà, Marc and Valero-Lara, Pedro and Peña, Antonio J.},

  journal={IEEE Access}, 

  title={Performance Evaluation of cuDNN Convolution Algorithms on NVIDIA Volta GPUs}, 

  year={2019},

  volume={7},

  number={},

  pages={70461-70473},

  doi={10.1109/ACCESS.2019.2918851}}

